% Encoding: UTF-8

@PhdThesis{Rockai15,
  author     = {ROČKAI, Petr},
  title      = {Model Checking Software [online]},
  school     = {Masaryk University, Faculty of Informatics, Brno},
  year       = {2015 [cit. 2017-06-10]},
  type       = {Doctoral theses, Dissertations},
  supervisor = {Jiří Barnat},
  url        = {Available from WWW <http://is.muni.cz/th/139761/fi_d/>},
}

@Comment{jabref-meta: databaseType:bibtex;}
